% write down the reference here in the bib format 
% a very useful source for good references: https://dblp.org

@article{pm4py,
  title={\uppercase{PM4P}y},
  url={http://pm4py.pads.rwth-aachen.de/}
}

@article{proved,
  title={\uppercase{PROVED}},
  url={https://github.com/proved-py/proved-core/}
}

@book{pm,
	title={Process mining: data science in action},
	author={van der Aalst, Wil M P},
	year={2016},
	publisher={Springer}
}

@inproceedings{mining,
	title={Mining uncertain event data in process mining},
	author={Pegoraro, Marco and van der Aalst, Wil M P},
	booktitle={2019 International Conference on Process Mining (ICPM)},
	pages={89--96},
	year={2019},
	organization={IEEE}
}

@inproceedings{discovery,
	title={Discovering Process Models from Uncertain Event Data},
	author={Pegoraro, Marco and Uysal, Merih Seran and van der Aalst, Wil M P},
	booktitle={International Conference on Business Process Management},
	pages={238--249},
	year={2019},
	organization={Springer}
}

@inproceedings{efficient,
	title={Efficient Construction of Behavior Graphs for Uncertain Event Data},
	author={Pegoraro, Marco and Uysal, Merih Seran and van der Aalst, Wil M P},
	booktitle={International Conference on Business Information Systems},
	year={2020},
	organization={Springer}
}

@article{space,
  title={Efficient Time and Space Representation of Uncertain Event Data},
  author={Pegoraro, Marco and Uysal, Merih Seran and van der Aalst, Wil M P},
  journal={Algorithms},
  volume={13},
  number={11},
  pages={285},
  year={2020},
  publisher={Multidisciplinary Digital Publishing Institute}
}

@article{conformance,
  title={Conformance Checking over Uncertain Event Data},
  author={Pegoraro, Marco and Uysal, Merih Seran and van der Aalst, Wil M P},
  journal={arXiv preprint - arXiv:2009.14452},
  year={2020}
}

@article{por,
	title={Partial order resolution of event logs for process conformance checking},
	author={van der Aa, Han and Leopold, Henrik and Weidlich, Matthias},
	journal={Decision Support Systems},
	pages={113347},
	year={2020},
	publisher={Elsevier}
}

@phdthesis{alignment,
	title={Aligning observed and modeled behavior},
	author={Adriansyah, Arya},
	school={Eindhoven University of Technology},
	year={2014}
}

@article{transitive,
	title={The transitive reduction of a directed graph},
	author={Aho, Alfred V. and Garey, Michael R and Ullman, Jeffrey D.},
	journal={SIAM Journal on Computing},
	volume={1},
	number={2},
	pages={131--137},
	year={1972},
	publisher={SIAM}
}

@inproceedings{pm4pybook,
	title={{Process Mining for Python (PM4Py): Bridging the Gap Between Process- and Data Science}},
	author={Berti, Alessandro and van Zelst, Sebastiaan J and van der Aalst, Wil M P},
	booktitle={ICPM Demo Track (CEUR 2374)},
	pages={13â€“16},
	year={2019}
}

@inproceedings{xixi,
	title={Conformance checking based on partially ordered event data},
	author={Lu, Xixi and Fahland, Dirk and van der Aalst, Wil M P},
	booktitle={International conference on business process management},
	pages={75--88},
	year={2014},
	organization={Springer}
}

@inproceedings{earth,
  author    = {Sander J. J. Leemans and
               Anja F. Syring and
               Wil M. P. van der Aalst},
  editor    = {Thomas T. Hildebrandt and
               Boudewijn F. van Dongen and
               Maximilian R{\"{o}}glinger and
               Jan Mendling},
  title     = {Earth Movers' Stochastic Conformance Checking},
  booktitle = {Business Process Management Forum - {BPM} Forum 2019, Vienna, Austria,
               September 1-6, 2019, Proceedings},
  series    = {Lecture Notes in Business Information Processing},
  volume    = {360},
  pages     = {127--143},
  publisher = {Springer},
  year      = {2019},
  url       = {https://doi.org/10.1007/978-3-030-26643-1\_8},
  doi       = {10.1007/978-3-030-26643-1\_8},
  timestamp = {Tue, 29 Dec 2020 18:36:28 +0100},
  biburl    = {https://dblp.org/rec/conf/bpm/LeemansSA19.bib},
  bibsource = {dblp computer science bibliography, https://dblp.org}
}

@inproceedings{repair,
  author    = {Raffaele Conforti and
               Marcello La Rosa and
               Arthur H. M. ter Hofstede and
               Adriano Augusto},
  editor    = {Dirk Fahland and
               Chiara Ghidini and
               J{\"{o}}rg Becker and
               Marlon Dumas},
  title     = {Automatic Repair of Same-Timestamp Errors in Business Process Event Logs},
  booktitle = {Business Process Management - 18th International Conference, BPM, 2020, Seville, Spain, September 13-18, 2020, Proceedings},
  series    = {Lecture Notes in Computer Science},
  volume    = {12168},
  pages     = {327--345},
  publisher = {Springer},
  year      = {2020},
  url       = {https://doi.org/10.1007/978-3-030-58666-9\_19},
  doi       = {10.1007/978-3-030-58666-9\_19},
  timestamp = {Tue, 08 Sep 2020 09:00:53 +0200},
  biburl    = {https://dblp.org/rec/conf/bpm/ConfortiRHA20.bib},
  bibsource = {dblp computer science bibliography, https://dblp.org}
}

@incollection{distributed,
	title={Mining temporal invariants from partially ordered logs},
	author={Beschastnikh, Ivan and Brun, Yuriy and Ernst, Michael D and Krishnamurthy, Arvind and Anderson, Thomas E},
	booktitle={Managing Large-scale Systems via the Analysis of System Logs and the Application of Machine Learning Techniques},
	pages={1--10},
	year={2011}
}